
@article{brown2020language,

  title={Language models are few-shot learners},

  author={Brown, Tom B and Mann, Benjamin and Ryder, Nick and Subbiah, Melanie and Kaplan, Jared D and Dhariwal, Prafulla and Neelakantan, Arvind and Shyam, Pranav and Sastry, Girish and Askell, Amanda and others},

  journal={Advances in neural information processing systems},

  volume={33},

  pages={1877--1901},

  year={2020}

}



@article{devlin2018bert,

  title={BERT: Pre-training of Deep Bidirectional Transformers for Language Understanding},

  author={Devlin, Jacob and Chang, Ming-Wei and Lee, Kenton and Toutanova, Kristina},

  journal={arXiv preprint arXiv:1810.04805},

  year={2018}

}